@article{chaum-mix,
  title = {Untraceable electronic mail, return addresses, and digital pseudonyms}, 
  author = {David Chaum}, 
  journal = {Communications of the ACM}, 
  volume = 24, 
  number = 2, 
  year = 1981, 
  month = {February}, 
  www_important = 1, 
  www_tags = {selected}, 
  www_html_url = {http://world.std.com/~franl/crypto/chaum-acm-1981.html}, 
  www_pdf_url = {http://www.ovmj.org/GNUnet/papers/p84-chaum.pdf}, 
  www_txt_url = {http://www.eskimo.com/~weidai/mix-net.txt}, 
  www_section = {Anonymous communication}, 
}

@inproceedings{onion-discex00,
  title = {{O}nion {R}outing Access Configurations}, 
  author = {Paul Syverson and Michael Reed and David Goldschlag}, 
  booktitle = {Proceedings of the DARPA Information Survivability Conference and Exposition
        (DISCEX 2000)}, 
  volume = {1}, 
  year = {2000}, 
  pages = {34--40}, 
  publisher = {IEEE CS Press}, 
  www_ps_gz_url = {http://www.onion-router.net/Publications/DISCEX-2000.ps.gz}, 
  www_tags = {selected}, 
  www_abstract_url = {http://www.onion-router.net/Publications.html}, 
  www_section = {Anonymous communication}, 
  www_pdf_url = {http://www.onion-router.net/Publications/DISCEX-2000.pdf}, 
  www_ps_url = {http://www.onion-router.net/Publications/DISCEX-2000.ps}, 
}